<?xml version="1.0" encoding="UTF-8"?><collection xmlns="http://www.loc.gov/MARC21/slim"><record><leader>00482nam--2200181-i-4500</leader><controlfield tag="001">000012694</controlfield><controlfield tag="002">20161230</controlfield><controlfield tag="005">20161230201029</controlfield><controlfield tag="008">060222s1000------------r-----000-0-eng-d</controlfield><datafield ind1=" " ind2=" " tag="040"><subfield code="a">IFIN-HH</subfield></datafield><datafield ind1=" " ind2=" " tag="080"><subfield code="a">539.124:539.126</subfield></datafield><datafield ind1="1" ind2=" " tag="100"><subfield code="a">Bailin ,David</subfield></datafield><datafield ind1="1" ind2="0" tag="245"><subfield code="a">Weak interactions</subfield><subfield code="c">David bailin</subfield></datafield><datafield ind1=" " ind2=" " tag="260"><subfield code="a">London</subfield><subfield code="b">Sussex University Press</subfield><subfield code="c">1977</subfield></datafield><datafield ind1=" " ind2=" " tag="300"><subfield code="a">IX + 4O6P</subfield></datafield><datafield ind1=" " ind2=" " tag="490"><subfield code="a">Graduate Student Series In Physics</subfield></datafield><datafield ind1=" " ind2=" " tag="852"><subfield code="a">46026</subfield><subfield code="c">539.12</subfield></datafield><datafield ind1=" " ind2=" " tag="CAT"><subfield code="a">Sys</subfield><subfield code="c">20111205</subfield><subfield code="h">151618</subfield></datafield></record></collection>